@online{pig,
  author = {Yahoo},
  title = {{Cloudera} Introfuction to Pig},
  year = 2009,
  url = {http://blog.cloudera.com/wp-content/uploads/2010/01/IntroToPig.pdf},
  urldate = {2017-12-22}
}
@online{pig1,
  author = {Apache Hadoop},
  title = {Apache  Pig Intriduction},
  year = 2017,
  url = {https://pig.apache.org/},
  urldate = {2017-12-20}
}
@online{yarn,
  author = {HORTONWORKS},
  title = {Apache Hadoop YARN},
  year = 2017,
  url = {https://hortonworks.com/apache/yarn/},
  urldate = {2018-01-5}
}

@manual{LabManual,
title        = {Project Guidelines},
author       = {Nikos Deligiannis and Duc Minh Nguyen and Tien Do Huu}, 
organization = {Vrije Univesiteit Brussel},
month        = 12,
year         = 2017,
}

@manual{ClassNotes,
title        = {Course Slides},
author       = {Nikos Deligiannis}, 
organization = {Vrije Univesiteit Brussel},
month        = 12,
year         = 2017,
}